%%%%%================= PICARD ===================%%%%

% Use this bibtex entry for JOURNAL ARTICLES
@article{swarmReview2016,
  title={A review of swarm robotics tasks},
  author={Bayindir, L.},
  journal={Neurocomputing},
  volume={172},
  number={8},
  pages={292--321},
  year={2016},
  publisher={Elsevier}
}

% Use this bibtex entry for CONFERENCE PAPERS
@INPROCEEDINGS{DCSolidState,
  author={Langston, J. and Schoder, K. and Sloderbeck, M. and Steurer, M. and Rockhill, A.},
  booktitle={IECON 2018 - 44th Annual Conference of the IEEE Industrial Electronics Society}, 
  title={Testing Operation and Coordination of DC Solid State Circuit Breakers}, 
  year={2018},
  pages={3445-3452},
  doi={10.1109/IECON.2018.8591440}}

% Use this bibtex entry for ONLINE WEBPAGES/INFORMAL ARTICLES
% This includes produce pages for robots, sensors etc.

@online{anscombesQuartet,
  author = {Wikipedia},
  title = {Anscombes Quartet -- {W}ikipedia{,} The Free Encyclopedia},
  year = 2023,
  url = {https://en.m.wikipedia.org/wiki/Anscombe%27s_quartet},
  note = {\url{https://en.m.wikipedia.org/wiki/Anscombe%27s_quartet} [Accessed 21-09-2023]}
}

@online{atmega168datasheet,
  author = {Atmel Corporation, Microchip Technology},
  title = {ATmega88-ATmega168 Datasheet},
  year = 2016,
  url = {https://ww1.microchip.com/downloads/en/DeviceDoc/Atmel-9365-Automotive-Microcontrollers-ATmega88-ATmega168_Datasheet.pdf},
  note = {\url{https://ww1.microchip.com/downloads/en/DeviceDoc/Atmel-9365-Automotive-Microcontrollers-ATmega88-ATmega168_Datasheet.pdf} [Accessed 21-09-2023]}
}

@inproceedings{UMBmark,
  title={UMBmark : a method for measuring, comparing, and correcting dead-reckoning errors in mobile robots},
  author={Johann Borenstein and L. Feng},
  year={1994},
  url={https://api.semanticscholar.org/CorpusID:56599256}
}

@article{self_calibration,
abstract = {1},
author = {Gaudreault, Martin and Joubair, Ahmed and Bonev, Ilian},
doi = {10.3390/s18103380},
issn = {1424-8220},
journal = {Sensors},
mendeley-groups = {Robotics},
number = {10},
title = {{Self-Calibration of an Industrial Robot Using a Novel Affordable 3D Measuring Device}},
url = {https://www.mdpi.com/1424-8220/18/10/3380},
volume = {18},
year = {2018}
}

@article{odometry,
  title={Online Odometry Calibration for Differential Drive Mobile Robots in Low Traction Conditions with Slippage},
  author={De Giorgi, Carlo and De Palma, Daniela and Parlangeli, Gianfranco},
  journal={Robotics},
  volume={13},
  number={1},
  pages={7},
  year={2023},
  publisher={MDPI}
}

